

% refs_paper.bib


% this is the .bib file containing bibliographies for the paper draft.







% recent


% griffin and steel, introducing dependent dirichlet processes
@article{griffin2006order,
  title={Order-based dependent Dirichlet processes},
  author={Griffin, J.E. and Steel, M.F.J.},
  journal={Journal of the American statistical Association},
  volume={101},
  number={473},
  pages={179--194},
  year={2006},
  publisher={ASA}
}

% (unsupervised) object detection with gabor filters
@article{jain1997object,
  title={Object detection using Gabor filters},
  author={Jain, A.K. and Ratha, N.K. and Lakshmanan, S.},
  journal={Pattern Recognition},
  volume={30},
  number={2},
  pages={295--309},
  year={1997},
  publisher={Elsevier}
}

% bayesian hierarchical model for clustering scene types
@inproceedings{fei2005bayesian,
  title={A bayesian hierarchical model for learning natural scene categories},
  author={Fei-Fei, L. and Perona, P.},
  booktitle={Computer Vision and Pattern Recognition, 2005. CVPR 2005. IEEE Computer Society Conference on},
  volume={2},
  pages={524--531},
  year={2005},
  organization={Ieee}
}

% unsupervised method (pLSA) to find different object types in images
@inproceedings{sivic2005discovering,
  title={Discovering objects and their location in images},
  author={Sivic, J. and Russell, B.C. and Efros, A.A. and Zisserman, A. and Freeman, W.T.},
  booktitle={Computer Vision, 2005. ICCV 2005. Tenth IEEE International Conference on},
  volume={1},
  pages={370--377},
  year={2005},
  organization={IEEE}
}

% a probabilistic exclusion principle for stopping coalescence
@inproceedings{maccormick1999probabilistic,
  title={A probabilistic exclusion principle for tracking multiple objects},
  author={MacCormick, J. and Blake, A.},
  booktitle={Computer Vision, 1999. The Proceedings of the Seventh IEEE International Conference on},
  volume={1},
  pages={572--578},
  year={1999},
  organization={IEEE}
}

% papers for handing occlusion
@article{senior2006appearance,
  title={Appearance models for occlusion handling},
  author={Senior, A. and Hampapur, A. and Tian, Y.L. and Brown, L. and Pankanti, S. and Bolle, R.},
  journal={Image and Vision Computing},
  volume={24},
  number={11},
  pages={1233--1243},
  year={2006},
  publisher={Elsevier}
}
@inproceedings{cucchiara2004probabilistic,
  title={Probabilistic people tracking for occlusion handling},
  author={Cucchiara, R. and Grana, C. and Tardini, G. and Vezzani, R.},
  booktitle={Pattern Recognition, 2004. ICPR 2004. Proceedings of the 17th International Conference on},
  volume={1},
  pages={132--135},
  year={2004},
  organization={IEEE}
}
@inproceedings{zhou2003background,
  title={A background layer model for object tracking through occlusion},
  author={Zhou, Y. and Tao, H.},
  booktitle={Computer Vision, 2003. Proceedings. Ninth IEEE International Conference on},
  pages={1079--1085},
  year={2003},
  organization={IEEE}
}


% papers for tracking complex object interactions
@article{dockstader2001multiple,
  title={Multiple camera tracking of interacting and occluded human motion},
  author={Dockstader, S.L. and Tekalp, A.M.},
  journal={Proceedings of the IEEE},
  volume={89},
  number={10},
  pages={1441--1455},
  year={2001},
  publisher={IEEE}
}
@inproceedings{mckenna2000tracking,
  title={Tracking interacting people},
  author={McKenna, S.J. and Jabri, S. and Duric, Z. and Wechsler, H.},
  booktitle={Automatic Face and Gesture Recognition, 2000. Proceedings. Fourth IEEE International Conference on},
  pages={348--353},
  year={2000},
  organization={IEEE}
}

% papers for tracking large number of targets
@article{reilly2010detection,
  title={Detection and tracking of large number of targets in wide area surveillance},
  author={Reilly, V. and Idrees, H. and Shah, M.},
  journal={Computer Vision--ECCV 2010},
  pages={186--199},
  year={2010},
  publisher={Springer}
}


% papers for objects entering and exiting scene
@inproceedings{stauffer2003estimating,
  title={Estimating tracking sources and sinks},
  author={Stauffer, C.},
  booktitle={Computer Vision and Pattern Recognition Workshop, 2003. CVPRW'03. Conference on},
  volume={4},
  pages={35--35},
  year={2003},
  organization={IEEE}
}
@article{nedrich2010learning,
  title={Learning scene entries and exits using coherent motion regions},
  author={Nedrich, M. and Davis, J.},
  journal={Advances in Visual Computing},
  pages={120--131},
  year={2010},
  publisher={Springer}
}


% unsupervised object detection and tracking papers
% -------------------------------------------------

% blob tracking
@techreport{francois2004real,
  title={Real-time multi-resolution blob tracking},
  author={Francois, A.R.},
  year={2004},
  institution={DTIC Document}
}
@inproceedings{collins2003mean,
  title={Mean-shift blob tracking through scale space},
  author={Collins, R.T.},
  booktitle={Computer Vision and Pattern Recognition, 2003. Proceedings. 2003 IEEE Computer Society Conference on},
  volume={2},
  pages={II--234},
  year={2003},
  organization={IEEE}
}

% disadvantages of blob tracking
@inproceedings{song2005model,
  title={A model-based vehicle segmentation method for tracking},
  author={Song, X. and Nevatia, R.},
  booktitle={Computer Vision, 2005. ICCV 2005. Tenth IEEE International Conference on},
  volume={2},
  pages={1124--1131},
  year={2005},
  organization={IEEE}
}

% other joint detection and tracking papers
@inproceedings{brox2003unsupervised,
  title={Unsupervised segmentation incorporating colour, texture, and motion},
  author={Brox, T. and Rousson, M. and Deriche, R. and Weickert, J.},
  booktitle={Computer Analysis of Images and Patterns},
  pages={353--360},
  year={2003},
  organization={Springer}
}
@article{sista2000unsupervised,
  title={Unsupervised video segmentation and object tracking},
  author={Sista, S. and Kashyap, R.L.},
  journal={Computers in Industry},
  volume={42},
  number={2-3},
  pages={127--146},
  year={2000},
  publisher={Elsevier}
}
@article{wang1998unsupervised,
  title={Unsupervised video segmentation based on watersheds and temporal tracking},
  author={Wang, D.},
  journal={Circuits and Systems for Video Technology, IEEE Transactions on},
  volume={8},
  number={5},
  pages={539--546},
  year={1998},
  publisher={IEEE}
}
@inproceedings{ng2005hybrid,
  title={A hybrid approach for online joint detection and tracking for multiple targets},
  author={Ng, W. and Li, J. and Godsill, S. and Vermaak, J.},
  booktitle={Aerospace Conference, 2005 IEEE},
  pages={2126--2141},
  year={2005},
  organization={IEEE}
}
%clustering trajectories
@inproceedings{brostow2006unsupervised,
  title={Unsupervised bayesian detection of independent motion in crowds},
  author={Brostow, G.J. and Cipolla, R.},
  booktitle={Computer Vision and Pattern Recognition, 2006 IEEE Computer Society Conference on},
  volume={1},
  pages={594--601},
  year={2006},
  organization={IEEE}
}
@article{brox2010object,
  title={Object segmentation by long term analysis of point trajectories},
  author={Brox, T. and Malik, J.},
  journal={Computer Vision--ECCV 2010},
  pages={282--295},
  year={2010},
  publisher={Springer}
}

% misc unsupervised detection and tracking
@ARTICLE{paragios2000geodesic, 
author={Paragios, N. and Deriche, R.}, 
journal={Pattern Analysis and Machine Intelligence, IEEE Transactions on}, 
title={Geodesic active contours and level sets for the detection and tracking of moving objects}, 
year={2000}, 
month={mar}, 
volume={22}, 
number={3}, 
pages={266 -280}, 
keywords={Hermes;edge detection;front propagation;geodesic active contours;image sequences;level set theory;motion detection;moving object tracking;objective function;optimisation;statistical analysis;edge detection;image sequences;motion estimation;optimisation;statistical analysis;target tracking;}, 
doi={10.1109/34.841758}, 
ISSN={0162-8828},}


% gelman book
% -----------
@book{gelman2004bayesian,
  title={Bayesian data analysis},
  author={Gelman, A.},
  year={2004},
  publisher={CRC press}
}


% resampling strategies for SMC particle filtering inference paper
% -----------
@inproceedings{douc2005comparison,
  title={Comparison of resampling schemes for particle filtering},
  author={Douc, R. and Capp{\'e}, O.},
  booktitle={Image and Signal Processing and Analysis, 2005. ISPA 2005. Proceedings of the 4th International Symposium on},
  pages={64--69},
  year={2005},
  organization={Ieee}
}


% pure extraction papers:
@inproceedings{hong2007real,
  title={Real-Time Foreground Segmentation for the Moving Camera Based on H. 264 Video Coding Information},
  author={Hong, W.D. and Lee, T.H. and Chang, P.C.},
  booktitle={Future Generation Communication and Networking (FGCN 2007)},
  volume={1},
  pages={385--390},
  year={2007},
  organization={IEEE}
}

@article{chien2002efficient,
  title={Efficient moving object segmentation algorithm using background registration technique},
  author={Chien, S.Y. and Ma, S.Y. and Chen, L.G.},
  journal={Circuits and Systems for Video Technology, IEEE Transactions on},
  volume={12},
  number={7},
  pages={577--586},
  year={2002},
  publisher={IEEE}
}

@inproceedings{zhang2007moving,
  title={Moving object extraction with a hand-held camera},
  author={Zhang, G. and Jia, J. and Xiong, W. and Wong, T.T. and Heng, P.A. and Bao, H.},
  booktitle={Computer Vision, 2007. ICCV 2007. IEEE 11th International Conference on},
  pages={1--8},
  year={2007},
  organization={IEEE}
}

@article{kim2002fast,
  title={Fast and automatic video object segmentation and tracking for content-based applications},
  author={Kim, C. and Hwang, J.N.},
  journal={Circuits and Systems for Video Technology, IEEE Transactions on},
  volume={12},
  number={2},
  pages={122--129},
  year={2002},
  publisher={IEEE}
}

% review of background subtraction techniques
% --------

@inproceedings{piccardi2004background,
  title={Background subtraction techniques: a review},
  author={Piccardi, M.},
  booktitle={Systems, Man and Cybernetics, 2004 IEEE International Conference on},
  volume={4},
  pages={3099--3104},
  year={2004},
  organization={Ieee}
}

@article{zhang2001segmentation,
  title={Segmentation of moving objects in image sequence: A review},
  author={Zhang, D. and Lu, G.},
  journal={Circuits, systems, and signal processing},
  volume={20},
  number={2},
  pages={143--183},
  year={2001},
  publisher={Springer}
}

% papers dealing with object specific multi target detection and tracking
% -----

@INPROCEEDINGS{Okuma04aboosted,
    author = {Kenji Okuma and Ali Taleghani and Nando De Freitas and O De Freitas and James J. Little and David G. Lowe},
    title = {A Boosted Particle Filter: Multitarget Detection and Tracking},
    booktitle = {In ECCV},
    year = {2004},
    pages = {28--39}
}

@InProceedings{eth_biwi_00633,
  author = {Michael D. Breitenstein and Fabian Reichlin and Bastian Leibe and Esther Koller-Meier and Luc Van Gool},
  title = {Robust Tracking-by-Detection using a Detector Confidence Particle Filter},
  booktitle = {IEEE International Conference on Computer Vision},
  year = {2009},
  month = {October},
  keywords = {}
}

@INPROCEEDINGS{4036928, 
  author={Guangyu Zhu and Changsheng Xu and Qingming Huang and Wen Gao}, 
  booktitle={Multimedia and Expo, 2006 IEEE International Conference on}, 
  title={Automatic Multi-Player Detection and Tracking in Broadcast Sports Video using Support Vector Machine and Particle Filter}, 
  year={2006}, 
  month={july}, 
  volume={}, 
  number={}, 
  pages={1629 -1632}, 
  keywords={SVR particle filter;automatic multiplayer detection;playfield segmentation;sequential Monte Carlo framework;sports video broadcasting;support vector machine;support vector regression;tracking approach;Monte Carlo methods;digital video broadcasting;image segmentation;object detection;sport;support vector machines;tracking filters;video signal processing;}, 
  doi={10.1109/ICME.2006.262859}, 
  ISSN={}
}

@ARTICLE{leibe2008coupled, 
  author={Leibe, B. and Schindler, K. and Cornelis, N. and Van Gool, L.}, 
  journal={Pattern Analysis and Machine Intelligence, IEEE Transactions on}, 
  title={Coupled Object Detection and Tracking from Static Cameras and Moving Vehicles}, 
  year={2008}, 
  month={oct. }, 
  volume={30}, 
  number={10}, 
  pages={1683 -1698}, 
  keywords={conservative hypothesis pruning;coupled object detection;incremental computation;minimum description length hypothesis selection framework;multiobject tracking;multiview-multicategory object recognition;object tracking;scene geometry;spacetime trajectory estimation;state-of-the-art object detector;static cameras;subsequent trajectory estimation module;surveillance-type scenario;vehicle passing;video sequences;cameras;image resolution;image sensors;image sequences;object detection;object recognition;tracking;video signal processing;Algorithms;Artificial Intelligence;Image Enhancement;Image Interpretation, Computer-Assisted;Imaging, Three-Dimensional;Motion;Motor Vehicles;Pattern Recognition, Automated;Photography;Reproducibility of Results;Sensitivity and Specificity;}, 
  doi={10.1109/TPAMI.2008.170}, 
  ISSN={0162-8828}
}




% refs from PETS2009/2010 performance comparison

@inproceedings{arsic2009multi,
  title={Multi camera person tracking applying a graph-cuts based foreground segmentation in a homography framework},
  author={Arsic, D. and Lyutskanov, A. and Rigoll, G. and Kwolek, B.},
  booktitle={Performance Evaluation of Tracking and Surveillance (PETS-Winter), 2009 Twelfth IEEE International Workshop on},
  pages={1--8},
  year={2009},
  organization={IEEE}
}

@inproceedings{berclaz2009multiple,
  title={Multiple object tracking using flow linear programming},
  author={Berclaz, J. and Fleuret, F. and Fua, P.},
  booktitle={Performance Evaluation of Tracking and Surveillance (PETS-Winter), 2009 Twelfth IEEE International Workshop on},
  pages={1--8},
  year={2009},
  organization={IEEE}
}

@inproceedings{conte2010performance,
  title={Performance evaluation of a people tracking system on pets2009 database},
  author={Conte, D. and Foggia, P. and Percannella, G. and Vento, M.},
  booktitle={Advanced Video and Signal Based Surveillance (AVSS), 2010 Seventh IEEE International Conference on},
  pages={119--126},
  year={2010},
  organization={IEEE}
}

@inproceedings{bolme2009simple,
  title={Simple real-time human detection using a single correlation filter},
  author={Bolme, D.S. and Lui, Y.M. and Draper, BA and Beveridge, JR},
  booktitle={Performance Evaluation of Tracking and Surveillance (PETS-Winter), 2009 Twelfth IEEE International Workshop on},
  pages={1--8},
  year={2009},
  organization={IEEE}
}

@article{breitenstein2009markovian,
  title={Markovian tracking-by-detection from a single, uncalibrated camera},
  author={Breitenstein, M.D. and Reichlin, F. and Leibe, B. and Koller-Meier, E. and Van Gool, L.},
  journal={Work},
  year={2009}
}

@inproceedings{ge2009evaluation,
  title={Evaluation of sampling-based pedestrian detection for crowd counting},
  author={Ge, W. and Collins, R.T.},
  booktitle={Performance Evaluation of Tracking and Surveillance (PETS-Winter), 2009 Twelfth IEEE International Workshop on},
  pages={1--7},
  year={2009},
  organization={IEEE}
}

@inproceedings{alahi2009sparsity,
  title={Sparsity-driven people localization algorithm: Evaluation in crowded scenes environments},
  author={Alahi, A. and Jacques, L. and Boursier, Y. and Vandergheynst, P.},
  booktitle={Performance Evaluation of Tracking and Surveillance (PETS-Winter), 2009 Twelfth IEEE International Workshop on},
  pages={1--8},
  year={2009},
  organization={IEEE}
}

@inproceedings{yang2009probabilistic,
  title={Probabilistic multiple people tracking through complex situations},
  author={Yang, J. and Vela, PA and Shi, Z. and Teizer, J.},
  booktitle={11th IEEE International Workshop on Performance Evaluation of Tracking and Surveillance},
  year={2009}
}










%
% Applications of object detection and tracking
%
	
	% surveillance
	
	% autonomous systems / robots
	
	% video summarization (and compression)
	
	%  smart rooms
	
	
	

	
%
% Point multiple target tracking (MTT)
%
	
	
	@article{khan_2004,
  title={An MCMC-based particle filter for tracking multiple interacting targets},
  author={Khan, Z. and Balch, T. and Dellaert, F.},
  journal={Computer Vision-ECCV 2004},
  pages={279--290},
  year={2004},
  publisher={Springer}
}
	
	
	
	
	
	
	
%
% Tracking single objects in videos (with initialization)
%
	
	% Mean-shift related
		
		
		
		% mean shift stuff / kernel based object tracking

		@article{fukunaga_1975,
		  title={The estimation of the gradient of a density function, with applications in pattern recognition},
		  author={Fukunaga, K. and Hostetler, L.},
		  journal={Information Theory, IEEE Transactions on},
		  volume={21},
		  number={1},
		  pages={32--40},
		  year={1975},
		  publisher={IEEE}
		}


		% good overview paper on mean-shifting, generalizing k-means-like-algorithms, explanation of mode-seeking behavior
			
		@article{cheng_1995,
		  title={Mean shift, mode seeking, and clustering},
		  author={Cheng, Y.},
		  journal={Pattern Analysis and Machine Intelligence, IEEE Transactions on},
		  volume={17},
		  number={8},
		  pages={790--799},
		  year={1995},
		  publisher={IEEE}
		}
		
		
		% comaniciu papers (mean shift / kernel tracking)
		
		@inproceedings{comaniciu_1999,
		  title={Mean shift analysis and applications},
		  author={Comaniciu, D. and Meer, P.},
		  booktitle={Computer Vision, 1999. The Proceedings of the Seventh IEEE International Conference on},
		  volume={2},
		  pages={1197--1203},
		  year={1999},
		  organization={Ieee}
		}
		
		@INPROCEEDINGS{comaniciu_2000, 
		author={Comaniciu, D. and Ramesh, V. and Meer, P.}, 
		booktitle={Computer Vision and Pattern Recognition, 2000. Proceedings. IEEE Conference on}, 
		title={Real-time tracking of non-rigid objects using mean shift}, 
		year={2000}, 
		month={}, 
		volume={2}, 
		number={}, 
		pages={142 -149 vol.2}, 
		keywords={Bayesian framework;Bhattacharyya coefficient;clutter;color distribution;computational module;image sequences;mean shift iterations;most probable target position;moving camera;non-rigid object tracking;partial occlusions;real time tracking;target candidate;target model;target scale variations;Bayes methods;computer vision;image sequences;iterative methods;optical tracking;real-time systems;}, 
		doi={10.1109/CVPR.2000.854761}, 
		ISSN={},}
		
		% main article on mean shift / kernel based methods for object tracking
		
		@ARTICLE{comaniciu_2003, 
		author={Comaniciu, D. and Ramesh, V. and Meer, P.}, 
		journal={Pattern Analysis and Machine Intelligence, IEEE Transactions on}, 
		title={Kernel-based object tracking}, 
		year={2003}, 
		month={may}, 
		volume={25}, 
		number={5}, 
		pages={ 564 - 577}, 
		keywords={ Bhattacharyya coefficient; Kalman tracking; background information; basin of attraction; camera motion; clutter; data association techniques; face tracking; feature histogram-based target representation; gradient-based optimization; isotropic kernel; kernel-based object tracking; local maxima; mean shift procedure; partial occlusion; spatial masking; spatially-smooth similarity functions; target localization; visual tracking; computer vision; image motion analysis; image representation; object recognition; optimisation; tracking;}, 
		doi={10.1109/TPAMI.2003.1195991}, 
		ISSN={0162-8828},}
		
		
		% heirarchical mean-shift idea for spatio-temporal segmentation of video  - they cluster 7D data (R, G, B, d1, d1, motionangle1, motionangle2). good overview of terms at beginning. clustering is done using mean shift over increasingly larger ranges, using at each pass the cluster centers from previous pass with weights equal to number of points in cluster. applications are compression / compact scene descriptions.
		
		@book{dementhon_2002,
		  title={Spatio-temporal segmentation of video by hierarchical mean shift analysis},
		  author={DeMenthon, D. and Megret, R. and University of Maryland (College Park, Md.). Computer Vision Laboratory},
		  year={2002},
		  publisher={Citeseer}
		}
		
		
		% mean shift / kernel-based object detection with 'anisotropic kernel' whose shape/scale/orientation adapts to video (as opposed to the usual non-adaptive radially symmetric kernel)

		@article{wang_2004,
		  title={Image and video segmentation by anisotropic kernel mean shift},
		  author={Wang, J. and Thiesson, B. and Xu, Y. and Cohen, M.},
		  journal={Computer Vision-ECCV 2004},
		  pages={238--249},
		  year={2004},
		  publisher={Springer}
		}
	
		% applying centroid based adjustments to kernel based object tracking (to improve localization accuracy)

		@INPROCEEDINGS{mehmood_2009, 
		author={Mehmood, R. and Ali, M.U. and Taj, I.A.}, 
		booktitle={Information and Communication Technologies, 2009. ICICT '09. International Conference on}, 
		title={Applying centroid based adjustment to kernel based object tracking for improving localization}, 
		year={2009}, 
		month={aug.}, 
		volume={}, 
		number={}, 
		pages={209 -214}, 
		keywords={Bhattacharya coefficient;KBOT;feature extraction;image colour analysis;image histogram;kernel based object tracking;mean shift centroid estimation;meanshift algorithm;feature extraction;image colour analysis;object detection;target tracking;}, 
		doi={10.1109/ICICT.2009.5267188}, 
		ISSN={},}
		
		
		
		
		% color based tracking using mean-shift procedure

		@article{perez_2002,
		  title={Color-based probabilistic tracking},
		  author={P{\'e}rez, P. and Hue, C. and Vermaak, J. and Gangnet, M.},
		  journal={Computer VisionóECCV 2002},
		  pages={661--675},
		  year={2002},
		  publisher={Springer}
		}
		

		% another mean-shift color-based procedure

		@article{lee_2011,
		  title={Illumination change adaptive tracking based on color centroid shifting},
		  author={Lee, S.H. and Choi, E. and Kang, M.G.},
		  journal={Optical Engineering},
		  volume={50},
		  pages={057205},
		  year={2011}
		}		
		
		
		% color based tracking that somehow combines particle filter & mean-shift procedure, but is different than above paper (namely different than comaniciu_2003)

		@article{nummiaro_2003,
		  title={An adaptive color-based particle filter},
		  author={Nummiaro, K. and Koller-Meier, E. and Van Gool, L.},
		  journal={Image and Vision Computing},
		  volume={21},
		  number={1},
		  pages={99--110},
		  year={2003},
		  publisher={Elsevier}
		}		
	
	% Particle filters (recursive Bayesian filters)
	
	
	% contour tracking
	
		% Li/A.C.Pece: Contour tracking using particle filters.
		
		@article{li_2003,
		  title={Visual contour tracking based on particle filters},
		  author={Li, P. and Zhang, T. and Pece, A.E.C.},
		  journal={Image and Vision Computing},
		  volume={21},
		  number={1},
		  pages={111--123},
		  year={2003},
		  publisher={Elsevier}
		}
			



	
	% Appearance models
	
	% Color related
	
		% the following are some adaptive GMM-based appearance models
		
		@inproceedings{raja_1998,
		  title={Tracking and segmenting people in varying lighting conditions using colour},
		  author={Raja, Y. and McKenna, S.J. and Gong, S.},
		  booktitle={Automatic Face and Gesture Recognition, 1998. Proceedings. Third IEEE International Conference on},
		  pages={228--233},
		  year={1998},
		  organization={IEEE}
		}
		
		
		%  note:  the following is object tracking using color by modeling the color (hue / saturation ?) of a tracked object with a GMM. the gaussian components are also updated as the lighting/colors change (how?). the next position is chosen based on how likely pixels are under the GMM? Also, it fixes number of components in the GMM? this isn't 1 component per object, but the GMM is modeling the color of the tracked object.
	
		@article{mckenna_1999,
		  title={Tracking colour objects using adaptive mixture models},
		  author={McKenna, S.J. and Raja, Y. and Gong, S.},
		  journal={Image and Vision Computing},
		  volume={17},
		  number={3-4},
		  pages={225--231},
		  year={1999},
		  publisher={Elsevier}
		}


		% good overview article on appearance models of targets for object tracking

		@article{jepson_2003,
		  title={Robust online appearance models for visual tracking},
		  author={Jepson, A.D. and Fleet, D.J. and El-Maraghi, T.F.},
		  journal={IEEE Transactions on Pattern Analysis and Machine Intelligence},
		  pages={1296--1311},
		  year={2003},
		  publisher={Published by the IEEE Computer Society}
		}
	
	
		% random color / appearance models
	
		@INPROCEEDINGS{elgammal_2001,
			author = {Ahmed Elgammal and Ramani Duraiswami and Larry S. Davis},
			title = {Efficient non-parametric adaptive color modeling using fast gauss transform},
			booktitle = {in Proc. IEEE Conf. Computer Vision and Pattern Recognition},
			year = {2001},
			pages = {563--570}
		}
	
	
	
	
	
	
%
% Tracking of multiple objects in videos (with initialization)
%
	
	% Mean-shift related
	
	% Particle filters (recursive Bayesian filters)
	

		% extending single object particle filter methods to multiple objects. Different than just multiple single-object-particle filters? how does it differ and how does it lessen errors?
		
		@article{hue_2002,
		  title={Tracking multiple objects with particle filtering},
		  author={Hue, C. and Le Cadre, J.P. and P{\'e}rez, P.},
		  journal={Aerospace and Electronic Systems, IEEE Transactions on},
		  volume={38},
		  number={3},
		  pages={791--812},
		  year={2002},
		  publisher={IEEE}
		}
		
		
		
		
		% note: the nonparametric mixture of particle filters to maintain multi-modality paper (vermaak/doucet) is in nonparametrics/dirichlet section
	
	
	% combined methods
	
		% particle filters adapted to work for multiple objects (how so?). Furthermore, uses elements of global nearest neighbor (for PF proposal), mean shift algorithm (to stable trajectories, esp. during occlusions). Also, video superimposed / shifted to be placed on standard hockey rink framework to handle moving camera and object tracking better. I assume initialization works in same way as  Tracker works in presence of 
	
	
	
	
	
	
	
	
	
	
%
% Detection and Tracking schemes for multiple objects 
%
	



	% Papers related to unsupervised detection and tracking



		% that one Penn paper:

		@inproceedings{fragkiadaki2011detection,
		  title={Detection free tracking: Exploiting motion and topology for segmenting and tracking under entanglement},
		  author={Fragkiadaki, K. and Shi, J.},
		  booktitle={Computer Vision and Pattern Recognition (CVPR), 2011 IEEE Conference on},
		  pages={2073--2080},
		  year={2011},
		  organization={IEEE}
		}
	
	
	% Blob tracking
		
		
		% bramble
		
		@inproceedings{isard_2001,
		  title={BraMBLe: A Bayesian multiple-blob tracker},
		  author={Isard, M. and MacCormick, J.},
		  booktitle={Computer Vision, 2001. ICCV 2001. Proceedings. Eighth IEEE International Conference on},
		  volume={2},
		  pages={34--41},
		  year={2001},
		  organization={IEEE}
		}
		
		that classic paper where they extend the extraction method of modeling each pixel as a GMM
		
		
		% this paper essentially does multi-hypothesis blob tracking. Extraction is carried out (GMM based background modeling), object detection (can be chosen) gives probability of different possible positions of objects. Multiple hypothesis of tracks are kept in graph structure and pruned with hypothesis likelihood (dependent on appearance similarity over time, track smoothness, compactness, foreground coverage) and eventually decided upon/finalized.
		
		@inproceedings{han_2004,
		  title={A detection-based multiple object tracking method},
		  author={Han, M. and Sethi, A. and Hua, W. and Gong, Y.},
		  booktitle={Image Processing, 2004. ICIP'04. 2004 International Conference on},
		  volume={5},
		  pages={3065--3068},
		  year={2004},
		  organization={IEEE}
		}
		
		
		% another multi hypothesis blob tracking idea
		
		@article{joo_2007,
		  title={A multiple-hypothesis approach for multiobject visual tracking},
		  author={Joo, S.W. and Chellappa, R.},
		  journal={Image Processing, IEEE Transactions on},
		  volume={16},
		  number={11},
		  pages={2849--2854},
		  year={2007},
		  publisher={IEEE}
		}
		

		@inproceedings{zhao2004tracking,
		  title={Tracking multiple humans in crowded environment},
		  author={Zhao, T. and Nevatia, R.},
		  booktitle={Computer Vision and Pattern Recognition, 2004. CVPR 2004. Proceedings of the 2004 IEEE Computer Society Conference on},
		  volume={2},
		  pages={II--406},
		  year={2004},
		  organization={IEEE}
		}
	
	
	% Misc extensions of extraction or localization or usual single/multiple object tracking to allow for detection
		
		
		% Uses mean shift on foreground extracted data. Mean shift done for initial segmentation (localization) and also for tracking (where next center is found by high-density-foreground-points mean shift in subsequent frame).
		
		@article{beleznai_2006,
		  title={Human tracking by fast mean shift mode seeking},
		  author={Beleznai, C. and Fruhstuck, B. and Bischof, H.},
		  journal={Journal of Multimedia},
		  volume={1},
		  number={1},
		  pages={1--8},
		  year={2006},
		  publisher={Citeseer}
		}		
		
		
		% similar to beleznai above---mean-shift on frame-differenced pixels ?

		@inproceedings{chu_2007,
		  title={Object tracking algorithm based on CamShift algorithm combinating with difference in frame},
		  author={Chu, H. and Ye, S. and Guo, Q. and Liu, X.},
		  booktitle={Automation and Logistics, 2007 IEEE International Conference on},
		  pages={51--55},
		  year={2007},
		  organization={IEEE}
		}
		
		
		
		interest/feature point extraction paper(s)?
	
	
	
	% integrating detection (track initialization and deletion) with particle filters
		
		% this paper uses motion for extraction, a clustering segmentation technique(?) for localization, and particle filter for tracking. Uses a `dimensional variable particle filter' for detection/tracking which handles objects entering and leaving the view. Focuses on multicamera/stereo vision (in fact, detects motion with epipolar constraint derived from multiple views).
		
		@ARTICLE{sun_2010,
		   author = {{Sun}, H. and {Wang}, C. and {El-Sheimy}, N.},
			title = "{Joint detection and tracking of independently moving objects in stereo sequences using scale-invariant feature transform features and particle filter}",
		  journal = {Optical Engineering},
		 keywords = {computer vision, image matching, image motion analysis, image sequences, object detection, stereo image processing, Image forming and processing, Computer vision; robotic vision, Pattern recognition},
			 year = 2010,
			month = mar,
		   volume = 49,
		   number = 3,
			pages = {037006-+},
			  doi = {10.1117/1.3365947},
		   adsurl = {http://adsabs.harvard.edu/abs/2010OptEn..49c7006S},
		  adsnote = {Provided by the SAO/NASA Astrophysics Data System}
		}	
		
		
		% this paper concerns particle filters using color as an observation feature. Extends standard version of these by embedding track initialization into particle filter (adds a discrete value which represents number of existing objects into state vector, and then posterior probability of the number of objects in an image is calculated and argmax of this is chosen) and provides ability to track multiple objects with same color description.
		
		@article{czyz_2007,
		  title={A particle filter for joint detection and tracking of color objects},
		  author={Czyz, J. and Ristic, B. and Macq, B.},
		  journal={Image and Vision Computing},
		  volume={25},
		  number={8},
		  pages={1271--1281},
		  year={2007},
		  publisher={Elsevier}
		}	
		
		
		% particle filter for tracking, looks at regions of interest and clusters points / looks for persistent points for object detection, then does tracking on them.
		
		@inproceedings{ng_2005,
		  title={A hybrid approach for online joint detection and tracking for multiple targets},
		  author={Ng, W. and Li, J. and Godsill, S. and Vermaak, J.},
		  booktitle={Aerospace Conference, 2005 IEEE},
		  pages={2126--2141},
		  year={2005},
		  organization={IEEE}
		}
	
	
	
	
	
	
	
	% cluster tracking related
		
		(cluster tracking) e. c. pece paper: here's the main paper (generative-model-based tracking). He has an EM algorithm, uses it on motion (frame difference) locations, 

		@article{pece_2002,
		  title={Generative-model-based tracking by cluster analysis of image differences},
		  author={Pece, A.E.C.},
		  journal={Robotics and Autonomous Systems},
		  volume={39},
		  number={3-4},
		  pages={181--194},
		  year={2002},
		  publisher={Elsevier}
		}		
		
		
		% 1st Carmi/Godsill paper (Workshop): idea proposed for tracking clusters of point-targets. A method is devised based on the AIC for eliminating fictitious clusters that may appear in cluttered environment.
		
		@inproceedings{carmi2009evolutionary,
		  title={Evolutionary MCMC Particle Filtering for Target Cluster Tracking},
		  author={Carmi, A. and Godsill, S.J. and Septier, F.},
		  booktitle={Digital Signal Processing Workshop and 5th IEEE Signal Processing Education Workshop, 2009. DSP/SPE 2009. IEEE 13th},
		  pages={262--267},
		  year={2009},
		  organization={IEEE}
		}		
		
		
		% 2nd Carmi/Godsill paper (Fusion): dynamic Gaussian Mixture Model. Involves `point process formulations of typical behavioral moves' such as birth, death, splitting, and merging of clusters; methods for increasing the efficiency of the basic MCMC scheme (which is described in carmi_2009_workshop) 
		
		@inproceedings{carmi_2009,
		  title={The Gaussian mixture MCMC particle algorithm for dynamic cluster tracking},
		  author={Carmi, A. and Septier, F. and Godsill, S.J.},
		  booktitle={Information Fusion, 2009. FUSION'09. 12th International Conference on},
		  pages={1179--1186},
		  organization={IEEE}
		}		
		
		
		% Xu [adaptive evolutionary clustering] (arXiv): instead of methods which 'add a temporal smoothness penalty to the cost function of a static clustering method' (ie extend static methods to time-dependent?) they `track the time-varying proximities between objects followed by ordinary static clustering' (somehow track [align?], then perform static clustering?). They demonstrate this on hierarchical, k-means, and spectral clustering. 
		
		@article{xu2011adaptive,
		  title={Adaptive Evolutionary Clustering},
		  author={Xu, K.S. and Kliger, M. and Hero III, A.O.},
		  journal={Arxiv preprint arXiv:1104.1990},
		  year={2011}
		}		
		
		
		% Poisson models for extended target and group (ie cluster) tracking: instead of assuming that observations are noise from a point source, this paper stipulates a measurement model (likelihood) in terms of the spatial density of measurements over the sensor observation region (in particular, models spatial density of measurements with a Poisson process).
		
		@inproceedings{gilholm_2005,
		  title={Poisson models for extended target and group tracking},
		  author={Gilholm, K. and Godsill, S. and Maskell, S. and Salmond, D.},
		  booktitle={Proc. SPIE},
		  volume={5913},
		  pages={230--241},
		  year={2005},
		  organization={Citeseer}
		}
		
		
		% storlie w. weather images: considers the `problem of tracking multiple moving targets captured in image sequences'. Aims to introduce target tracking probems to statistical community. Basically does (point MTT?) with extension to allow for merge/split/birth/death and adds best fitting elipse to image after? Aims to provide general class of tracking problems when the system of interest contains birth, death, splitting, and merging of targets. Is applied to tracking forecast images of storms and vortexes from vorticity field.
				
		@article{storlie2009tracking,
		  title={Tracking of multiple merging and splitting targets: A statistical perspective},
		  author={Storlie, C.B. and Lee, T.C.M. and Hannig, J. and Nychka, D.},
		  journal={Stat. Sin},
		  volume={19},
		  pages={1--30},
		  year={2009}
		}		 
		
		
		
	% PHD algo papers?


		% original paper for PHD (one of the two PHD papers by Mahler)
		
		@article{mahler_2003,
		  title={Multitarget Bayes filtering via first-order multitarget moments},
		  author={Mahler, R.P.S.},
		  journal={Aerospace and Electronic Systems, IEEE Transactions on},
		  volume={39},
		  number={4},
		  pages={1152--1178},
		  year={2003},
		  publisher={IEEE}
		}
		
		
		% secondary original paper by Mahler
		
		@article{mahler_2007,
		  title={PHD filters of higher order in target number},
		  author={Mahler, R.},
		  journal={Aerospace and Electronic Systems, IEEE Transactions on},
		  volume={43},
		  number={4},
		  pages={1523--1543},
		  year={2007},
		  publisher={IEEE}
		}
		
		
		% Mahler paper where he writes about Phd filters for nonstandard targets--in this case, extended targets (poisson distributed of gilholm_2005)
		
		@inproceedings{mahler_2009,
		  title={PHD filters for nonstandard targets, I: extended targets},
		  author={Mahler, R.},
		  booktitle={Information Fusion, 2009. FUSION'09. 12th International Conference on},
		  pages={915--921},
		  organization={IEEE}
		}		

		
		% this paper puts forth a common phd closed form solution for certain linearity / gaussian assumptions. turns out the solution is a GMM in some manner
		
		@article{vo_2006,
		  title={The Gaussian mixture probability hypothesis density filter},
		  author={Vo, B.N. and Ma, W.K.},
		  journal={Signal Processing, IEEE Transactions on},
		  volume={54},
		  number={11},
		  pages={4091--4104},
		  year={2006},
		  publisher={IEEE}
		}
		
		
		% other popular paper (on tractable PHD stuff?) by vo
		
		@article{vo_2007,
		  title={Analytic implementations of the cardinalized probability hypothesis density filter},
		  author={Vo, B.T. and Vo, B.N. and Cantoni, A.},
		  journal={Signal Processing, IEEE Transactions on},
		  volume={55},
		  number={7},
		  pages={3553--3567},
		  year={2007},
		  publisher={IEEE}
		}
		
		
		% related to multi target tracking and the GMM-PHD filter (of vo_2006?)
		
		@inproceedings{panta_2006,
		  title={An efficient track management scheme for the Gaussian-mixture Probability Hypothesis Density tracker},
		  author={Panta, K. and Clark, DE},
		  booktitle={Intelligent Sensing and Information Processing, 2006. ICISIP 2006. Fourth International Conference on},
		  pages={230--235},
		  year={2006},
		  organization={IEEE}
		}
		
		
		% another one related to multi target tracking and the GMM-PHD filter
				
		@inproceedings{clark_2007,
		  title={Group target tracking with the Gaussian mixture probability hypothesis density filter},
		  author={Clark, D. and Godsill, S.},
		  booktitle={Intelligent Sensors, Sensor Networks and Information, 2007. ISSNIP 2007. 3rd International Conference on},
		  pages={149--154},
		  year={2007},
		  organization={IEEE}
		}
		
		
		% another one related to multi target tracking and the GMM-PHD filter (seems to have good terminology / explanation at beginning, though brief
		
		@inproceedings{ulmke_2007,
		  title={Gaussian mixture cardinalized PHD filter for ground moving target tracking},
		  author={Ulmke, M. and Erdinc, O. and Willett, P.},
		  booktitle={Information Fusion, 2007 10th International Conference on},
		  pages={1--8},
		  year={2007},
		  organization={IEEE}
		}
		
		
		% another related to GMM-PHD for tracking stuff in sonar images
		
		@inproceedings{clark2006gm,
		  title={GM-PHD filter multi-target tracking in sonar images},
		  author={Clark, D. and Vo, B. and Bell, J.},
		  booktitle={Proc. SPIE Defense and Security Symposium. Orlando, Florida [6235-29]},
		  year={2006}
		}
		
		
		% good paper explaining some PHD stuff & showing how it can fit in to multi target tracking
		
		@article{maggio_2008,
		  title={Efficient multitarget visual tracking using random finite sets},
		  author={Maggio, E. and Taj, M. and Cavallaro, A.},
		  journal={Circuits and Systems for Video Technology, IEEE Transactions on},
		  volume={18},
		  number={8},
		  pages={1016--1027},
		  year={2008},
		  publisher={IEEE}
		}		
	
	
	% related to PHD type recursive bayesian filters (perhaps?) but not quite the same
		
		% Rao-Blackwellized particle filter (this paper presents a new one based on a previous version). This is designed for MTT on an unknown and time-varying number of targets.  Another approximation-type scheme to some `optimal bayesian filtering solution' for multi-target particle filtering. 
		
		@article{sarkka_2007,
		  title={Rao-Blackwellized particle filter for multiple target tracking},
		  author={Sarkka, S. and Vehtari, A. and Lampinen, J.},
		  journal={Information Fusion},
		  volume={8},
		  number={1},
		  pages={2--15},
		  year={2007},
		  publisher={Elsevier}
		}
		
		
		% an earlier paper by Doucet where he uses this technique of rao-blackwellization to 
		
		@inproceedings{doucet_2000,
		  title={Rao-Blackwellised particle filtering for dynamic Bayesian networks},
		  author={Doucet, A. and De Freitas, N. and Murphy, K. and Russell, S.},
		  booktitle={Proceedings of the Sixteenth Conference on Uncertainty in Artificial Intelligence},
		  pages={176--183},
		  year={2000},
		  organization={Citeseer}
		}
		
		
		% another paper on rao-blackwellized particle filtering
		
		@inproceedings{de2002rao,
		  title={Rao-Blackwellised particle filtering for fault diagnosis},
		  author={De Freitas, N.},
		  booktitle={Aerospace Conference Proceedings, 2002. IEEE},
		  volume={4},
		  pages={4--1767},
		  year={2002},
		  organization={IEEE}
		}









%
% Misc survey papers that are related to object detection and/or tracking
%


	% survey on object tracking methods
	
	@article{yilmaz2006object,
	  title={Object tracking: A survey},
	  author={Yilmaz, A. and Javed, O. and Shah, M.},
	  journal={Acm Computing Surveys (CSUR)},
	  volume={38},
	  number={4},
	  pages={13},
	  year={2006},
	  publisher={ACM}
	}
	
	
	% survey on clustering time series data
	
	@article{warren2005clustering,
	  title={Clustering of time series data--a survey},
	  author={Warren Liao, T.},
	  journal={Pattern Recognition},
	  volume={38},
	  number={11},
	  pages={1857--1874},
	  year={2005},
	  publisher={Elsevier}
	}
		
	
	
	
	
	
	
	
%
% Nonparametric / Dirichlet Process Related
%
	
	
	% DPMMs and Tracking
		
		
		% Fox paper (estimating number of targets in MTT with DPs)

		@inproceedings{fox2006nonparametric,
		  title={Nonparametric Bayesian methods for large scale multi-target tracking},
		  author={Fox, E.B. and Choi, D.S. and Willsky, A.S.},
		  booktitle={Signals, Systems and Computers, 2006. ACSSC'06. Fortieth Asilomar Conference on},
		  pages={2009--2013},
		  year={2006},
		  organization={IEEE}
		}	
		
		
		% Vermaak/Doucet particle filter mixture paper
		
		@inproceedings{vermaak_2003,
		  title={Maintaining multimodality through mixture tracking},
		  author={Vermaak, J. and Doucet, A. and P{\'e}rez, P.},
		  booktitle={Computer Vision, 2003. Proceedings. Ninth IEEE International Conference on},
		  pages={1110--1116},
		  year={2003},
		  organization={IEEE}
		}		
	
	
		% Caron, Davy, Doucet, others, not exactly sure how it's related or how I should work it in:
		
		@article{caron_2008,
		  title={Bayesian inference for linear dynamic models with Dirichlet process mixtures},
		  author={Caron, F. and Davy, M. and Doucet, A. and Duflos, E. and Vanheeghe, P.},
		  journal={Signal Processing, IEEE Transactions on},
		  volume={56},
		  number={1},
		  pages={71--84},
		  year={2008},
		  publisher={IEEE}
		}	
		
		
		% relates to using particle filters to perform inference on Dirichlet Process Mixture Models with conjugate priors (as far as i can tell)
	
		@article{fearnhead2004particle,
		  title={Particle filters for mixture models with an unknown number of components},
		  author={Fearnhead, P.},
		  journal={Statistics and Computing},
		  volume={14},
		  number={1},
		  pages={11--21},
		  year={2004},
		  publisher={Springer}
		}	
	
	
	
	% GPUDDPM Papers
	
	
		@INPROCEEDINGS{gasthaus_2008,
		  author = {Gasthaus, J. and Wood, F. and G\"or\"ur, D. and Teh, Y. W.},
		  title = {Dependent {D}irichlet Process Spike Sorting},
		  booktitle = {Advances in Neural Informations Processing Systems 22},
		  year = {2008}
		}
		
		@MISC{gasthaus_thesis,
			author = {Jan Gasthaus},
			title = {Spike Sorting Using Time-Varying {D}irichlet Process Mixture Models},
			year = {2008}
		}
		
		
		% note this is caron 2007 again isn't it?
		
		
		@INPROCEEDINGS{caron_2007,
		  author = {Caron, F. and Davy, M. and Doucet, A.},
		  title = {Generalized Polya Urn for Time-varying {D}irichlet Process Mixtures},
		  booktitle = {23rd Conference on Uncertainty in Artificial Intelligence (UAI'2007),
			Vancouver, Canada, July 2007},
		  year = {2007}
		}	
	
	
	% DP related
	
		% original introduction/presentation of the Dirichlet process
		
		@article{ferguson_1973,
		  title={A Bayesian analysis of some nonparametric problems},
		  author={Ferguson, T.S.},
		  journal={The annals of statistics},
		  pages={209--230},
		  year={1973},
		  publisher={JSTOR}
		}	
	
	
	
	
	
	
	
%
% `extraction' (extraction of foreground/regions of interest)
%
	
	% Motion extraction
		
		
		% optical flow related
		
		@article{horn_1981,
		  title={Determining optical flow},
		  author={Horn, B.K.P. and Schunck, B.G.},
		  journal={Artificial intelligence},
		  volume={17},
		  number={1-3},
		  pages={185--203},
		  year={1981},
		  publisher={Elsevier}
		}

		@article{bobick_2001,
		  title={The recognition of human movement using temporal templates},
		  author={Bobick, A.F. and Davis, J.W.},
		  journal={Pattern Analysis and Machine Intelligence, IEEE Transactions on},
		  volume={23},
		  number={3},
		  pages={257--267},
		  year={2001},
		  publisher={IEEE}
		}
		
		
		% on detecting motion with a model based on movement of boundaries of objects
		
		@article{black_2000,
		  title={Probabilistic detection and tracking of motion boundaries},
		  author={Black, M.J. and Fleet, D.J.},
		  journal={International Journal of Computer Vision},
		  volume={38},
		  number={3},
		  pages={231--245},
		  year={2000},
		  publisher={Springer}
		}
	
	
	
	
	% Background modeling
	
		% classic paper on figuring out if a pixel is foreground or background by modeling it as a mixture of gaussians
		
		@inproceedings{stauffer_1999,
		  title={Adaptive background mixture models for real-time tracking},
		  author={Stauffer, C. and Grimson, W.E.L.},
		  booktitle={Computer Vision and Pattern Recognition, 1999. IEEE Computer Society Conference on.},
		  volume={2},
		  year={1999},
		  organization={IEEE}
		}	
	
		
		
		% more complex background subtraction. can handle slightly moving background. probabilistic in nature. very sensitive to movements.
		
		@article{elgammal_2000,
		  title={Non-parametric model for background subtraction},
		  author={Elgammal, A. and Harwood, D. and Davis, L.},
		  journal={Computer VisionóECCV 2000},
		  pages={751--767},
		  year={2000},
		  publisher={Springer}
		}
		
		@article{elgammal_2002,
		  title={Background and foreground modeling using nonparametric kernel density estimation for visual surveillance},
		  author={Elgammal, A. and Duraiswami, R. and Harwood, D. and Davis, L.S.},
		  journal={Proceedings of the IEEE},
		  volume={90},
		  number={7},
		  pages={1151--1163},
		  year={2002},
		  publisher={IEEE}
		}	
	
	
		%  a new post processing step after GMM-based background subtraction 

		@inproceedings{turdu_2007,
		  title={Improved post-processing for GMM based adaptive background modeling},
		  author={Turdu, D. and Erdogan, H.},
		  booktitle={Computer and information sciences, 2007. iscis 2007. 22nd international symposium on},
		  pages={1--6},
		  organization={IEEE},
		  year={2007}
		}
		
		
		% the following 2 papers aim to handle problems in extraction stemming from similar color distributions of objects
		
		@inproceedings{gallego_2009,
		  title={Bayesian foreground segmentation and tracking using pixel-wise background model and region based foreground model},
		  author={Gallego, J. and Pardas, M. and Haro, G.},
		  booktitle={Image Processing (ICIP), 2009 16th IEEE International Conference on},
		  pages={3205--3208},
		  year={2009},
		  organization={IEEE}
		}
		
		@article{mchugh_2009,
		  title={Foreground-adaptive background subtraction},
		  author={McHugh, J.M. and Konrad, J. and Saligrama, V. and Jodoin, P.M.},
		  journal={Signal Processing Letters, IEEE},
		  volume={16},
		  number={5},
		  pages={390--393},
		  year={2009},
		  publisher={IEEE}
		}		
	
	
	% detection of arbitrary objects
	
	
	
	
	
	
	
	
	
	
%
% `localization' (segmentation, object recognition, object detection).
%
	
	% 
		
		% looks for features by exploring space around object, and looks for correlated features over time. in this way it is able to find features that correlate over time and carry out object recognition as well as object segmentation
		
		@article{ferrari_2004,
		  title={Simultaneous object recognition and segmentation by image exploration},
		  author={Ferrari, V. and Tuytelaars, T. and Gool, L.V.},
		  journal={Computer Vision-ECCV 2004},
		  pages={40--54},
		  year={2004},
		  publisher={Springer}
		}
	
	
	
	
	
	
	
	
	
	
	
%
% Unsupervised methods for extraction and localization of arbitrary objects
%
	
	% image clustering papers
	
	% video-based techniques which do this (any use tracking?)
	
	
	
	
	
	
	
	
	
%
%  Misc
%






%
% Performance Evaluation Metrics
%

@article{kasturi_2008,
  title={Framework for performance evaluation of face, text, and vehicle detection and tracking in video: Data, metrics, and protocol},
  author={Kasturi, R. and Goldgof, D. and Soundararajan, P. and Manohar, V. and Garofolo, J. and Bowers, R. and Boonstra, M. and Korzhova, V. and Zhang, J.},
  journal={IEEE Transactions on Pattern Analysis and Machine Intelligence},
  pages={319--336},
  year={2008},
  publisher={Published by the IEEE Computer Society}
}

@inproceedings{ellis_2010,
  title={PETS2010 and PETS2009 Evaluation of Results Using Individual Ground Truthed Single Views},
  author={Ellis, A. and Ferryman, J.},
  booktitle={Advanced Video and Signal Based Surveillance (AVSS), 2010 Seventh IEEE International Conference on},
  pages={135--142},
  year={2010},
  organization={IEEE}
}

@article{taj_2007,
  title={Multi-feature graph-based object tracking},
  author={Taj, M. and Maggio, E. and Cavallaro, A.},
  journal={Multimodal Technologies for Perception of Humans},
  pages={190--199},
  year={2007},
  publisher={Springer}
}

@article{lee_2009,
  title={Speed Performance Improvement of Vehicle Blob Tracking System},
  author={Lee, S. and Nevatia, R.},
  journal={Multimodal Technologies for Perception of Humans},
  pages={197--202},
  year={2009},
  publisher={Springer}
}



% hungarian algorithm paper

@article{munkres_1957,
  title={Algorithms for the assignment and transportation problems},
  author={Munkres, J.},
  journal={Journal of the Society for Industrial and Applied Mathematics},
  pages={32--38},
  year={1957},
  publisher={JSTOR}
}


% viper groundtruth tool (the paper)

@inproceedings{doermann_2000,
  title={Tools and techniques for video performance evaluation},
  author={Doermann, D. and Mihalcik, D.},
  booktitle={Pattern Recognition, 2000. Proceedings. 15th International Conference on},
  volume={4},
  pages={167--170},
  year={2000},
  organization={IEEE}
}




