

@INCOLLECTION{ng_2005, 
author = {Ng, W. and Li, J. and Godsill, S. and Vermaak, J.}, 
booktitle={Image and Signal Processing and Analysis, 2005. ISPA 2005. Proceedings of the 4th International Symposium on}, title={A review of recent results in multiple target tracking}, 
year={2005}, 
month={sept.}, 
volume={}, 
number={}, 
pages={ 40 - 45}, 
keywords={ 2D data assignment method; measurement-to-target association; multiple target tracking; multitarget detection; nonGaussian models; particle filtering methods; recursive target state estimation; regions of interest; sampling filter; sequential Monte Carlo; surveillance region; Monte Carlo methods; image sampling; object detection; particle filtering (numerical methods); surveillance; target tracking;}, 
doi={10.1109/ISPA.2005.195381}, 
ISSN={1845-5921}
}

@MISC{sarkka_2004,
    author = {Simo Sarkka and Toni Tamminen and Aki Vehtari and Aki Vehtari and Jouko Lampinen},
    title = {Probabilistic Methods in Multiple Target Tracking, Review and Bibliography},
    year = {2004}
}

@INPROCEEDINGS{gasthaus_2008,
  author = {Gasthaus, J. and Wood, F. and G\"or\"ur, D. and Teh, Y. W.},
  title = {Dependent {D}irichlet Process Spike Sorting},
  booktitle = {Advances in Neural Informations Processing Systems 22},
  year = {2008}
}

@MISC{gasthaus_thesis,
    author = {Jan Gasthaus},
    title = {Spike Sorting Using Time-Varying {D}irichlet Process Mixture Models},
    year = {2008}
}

@INPROCEEDINGS{caron_2007,
  author = {Caron, F. and Davy, M. and Doucet, A.},
  title = {Generalized Polya Urn for Time-varying {D}irichlet Process Mixtures},
  booktitle = {23rd Conference on Uncertainty in Artificial Intelligence (UAI'2007),
	Vancouver, Canada, July 2007},
  year = {2007}
}

@ARTICLE{griffin_2006,
  author = {Griffin, J. E. and Steel, M. F. J.},
  title = {Order-based dependent {D}irichlet processes},
  journal = {Journal of the American Statistical Association},
  year = {2006},
  volume = {101(473)},
  pages = {179-194}
}

@ARTICLE{blackman_2004, 
author={Blackman, S.S.}, 
journal={Aerospace and Electronic Systems Magazine, IEEE}, title={Multiple hypothesis tracking for multiple target tracking}, 
year={2004}, 
month={jan. }, 
volume={19}, 
number={1}, 
pages={5 -18}, 
keywords={Gaussian mixture;Kalman filter;alternative implementations;data association problem;global nearest neighbor;interacting multiple model method;missile defense systems;multiple filter models;multiple hypothesis tracking;multiple target tracking systems;surveillance systems;Kalman filters;covariance matrices;military radar;reviews;sensor fusion;target tracking;tracking filters;}, 
doi={10.1109/MAES.2004.1263228}, 
ISSN={0885-8985}
}

@ARTICLE{reid_1979, 
author={ Reid, D.}, 
journal={Automatic Control, IEEE Transactions on}, title={An algorithm for tracking multiple targets}, 
year={1979}, 
month={dec}, 
volume={24}, 
number={6}, 
pages={ 843 - 854}, 
keywords={ Bayes procedures; Tracking;}, 
doi={10.1109/TAC.1979.1102177}, 
ISSN={0018-9286}
}

@ARTICLE{singer_1974, 
author={ Singer, R. and Sea, R. and Housewright, K.}, 
journal={Information Theory, IEEE Transactions on}, title={Derivation and evaluation of improved tracking filter for use in dense multitarget environments}, 
year={1974}, 
month={jul}, 
volume={20}, 
number={4}, 
pages={ 423 - 432}, 
keywords={ Aircraft tracking; State estimation; Tracking filters;}, 
doi={10.1109/TIT.1974.1055256}, 
ISSN={0018-9448}
}

@article{barshalom_1975,
title = "Tracking in a cluttered environment with probabilistic data association",
journal = "Automatica",
volume = "11",
number = "5",
pages = "451 - 460",
year = "1975",
note = "",
issn = "0005-1098",
doi = "DOI: 10.1016/0005-1098(75)90021-7",
url = "http://www.sciencedirect.com/science/article/pii/0005109875900217",
author = "Yaakov Bar-Shalom and Edison Tse"
}

@ARTICLE{kirubarajan_2004, 
author={KIRUBARAJAN, T. and BAR-SHALOM, Y.}, 
journal={Proceedings of the IEEE}, title={Probabilistic data association techniques for target tracking in clutter}, 
year={2004}, 
month={mar}, 
volume={92}, 
number={3}, 
pages={ 536 - 557}, 
keywords={ algorithms; clutter; data association; electrooptical sensor; false alarms; passive sonar measurements; probabilistic data association; radar resource management; target detection; target tracking; clutter; probability; statistical analysis; target tracking;}, 
doi={10.1109/JPROC.2003.823149}, 
ISSN={0018-9219},}

@ARTICLE{pulford_2005, 
author={Pulford, G.W.}, 
journal={Radar, Sonar and Navigation, IEE Proceedings -}, title={Taxonomy of multiple target tracking methods}, 
year={2005}, 
month={october}, 
volume={152}, 
number={5}, 
pages={ 291 - 304}, 
keywords={ classical estimation theoretic algorithm; complexity scaling; data association mechanism; filtering theory; multiple target tracking methods; processing scheme; subjective performance figure; taxonomy; computational complexity; estimation theory; filtering theory; probability; reviews; target tracking;}, 
doi={10.1049/ip-rsn:20045064}, 
ISSN={1350-2395},}

@ARTICLE{hue_2002, 
author={Hue, C. and Le Cadre, J.-P. and Perez, P.}, 
journal={Signal Processing, IEEE Transactions on}, title={Sequential Monte Carlo methods for multiple target tracking and data fusion}, 
year={2002}, 
month={feb}, 
volume={50}, 
number={2}, 
pages={309 -325}, 
keywords={Bayesian estimation;active measurements;bearings-only tracking;classical particle filter;data fusion;multiple state processes;multiple target tracking;observation processes;passive measurements;sequential Monte Carlo methods;Monte Carlo methods;filtering theory;sensor fusion;sequential estimation;target tracking;}, 
doi={10.1109/78.978386}, 
ISSN={1053-587X},}

@INPROCEEDINGS{fox_2006, 
author={Fox, E.B. and Choi, D.S. and Willsky, A.S.}, 
booktitle={Signals, Systems and Computers, 2006. ACSSC '06. Fortieth Asilomar Conference on}, title={Nonparametric Bayesian Methods for Large Scale Multi-Target Tracking}, 
year={2006}, 
month={29 2006-nov. 1}, 
volume={}, 
number={}, 
pages={2009 -2013}, 
keywords={Dirichlet processes;data association;large scale multi-target tracking;nonparametric Bayesian methods;state space models;Bayes methods;nonparametric statistics;target tracking;}, 
doi={10.1109/ACSSC.2006.355118}, 
ISSN={1058-6393},}

@ARTICLE{qu_2007,
 author = "Qu, W. and Schonfeld, D. and Mohamed, M.",
 journal = "EURASIP Journal on Advances in Signal Processing",
 title = "Distributed Bayesian Multiple-Target Tracking in Crowded Environments Using Multiple Collaborative Cameras",
 volume = "2007",
 number = "15",
 year = "2007"
}

@INPROCEEDINGS{maccormick_1999, 
author={MacCormick, J. and Blake, A.}, 
booktitle={Computer Vision, 1999. The Proceedings of the Seventh IEEE International Conference on}, title={A probabilistic exclusion principle for tracking multiple objects }, 
year={1999}, 
month={}, 
volume={1}, 
number={}, 
pages={572 -578 vol.1}, 
keywords={best-fitting target;independent I-body trackers;multiple objects;observation density;partitioned sampling;probabilistic exclusion principle;sampling method;tracking;image sampling;object recognition;probability;tracking;}, 
doi={10.1109/ICCV.1999.791275}, 
ISSN={},}

@INPROCEEDINGS{isard_2001, 
author={Isard, M. and MacCormick, J.}, 
booktitle={Computer Vision, 2001. ICCV 2001. Proceedings. Eighth IEEE International Conference on}, title={BraMBLe: a Bayesian multiple-blob tracker}, 
year={2001}, 
month={}, 
volume={2}, 
number={}, 
pages={34 -41 vol.2}, 
keywords={Bayesian correlation;Bayesian filter;Bayesian multiple-blob tracker;BraMBLe;background modelling;background subtraction;foreground modelling;image likelihoods;multiple-person tracking system;robust tracking;single-camera real-time surveillance;statistical appearance models;Bayes methods;computer vision;inference mechanisms;statistical analysis;tracking;}, 
doi={10.1109/ICCV.2001.937594}, 
ISSN={},}

@INPROCEEDINGS{tao_2004, 
author={Tao Zhao and Nevatia, R.}, 
booktitle={Computer Vision and Pattern Recognition, 2004. CVPR 2004. Proceedings of the 2004 IEEE Computer Society Conference on}, title={Tracking multiple humans in crowded environment}, 
year={2004}, 
month={june-2 july}, 
volume={2}, 
number={}, 
pages={ II-406 - II-413 Vol.2}, 
keywords={ Bayesian inference; camera models; crowded environment; human shape models; multiple human tracking; occlusion; video sequences; Bayes methods; hidden feature removal; image sequences; object detection; target tracking; video cameras;}, 
doi={10.1109/CVPR.2004.1315192}, 
ISSN={1063-6919 },}

@INPROCEEDINGS{ tao_1999,
AUTHOR = "Hai Tao and Harpreet S. Sawhney and Rakesh Kumar",
TITLE = "A Sampling Algorithm for Tracking Multiple Objects.",
booktitle = "Workshop on Vision Algorithms'99",
PAGES = {53-68},
YEAR = {1999}  }

@ARTICLE{rasmussen_2001, 
author={Rasmussen, C. and Hager, G.D.}, 
journal={Pattern Analysis and Machine Intelligence, IEEE Transactions on}, title={Probabilistic data association methods for tracking complex visual objects}, 
year={2001}, 
month={jun}, 
volume={23}, 
number={6}, 
pages={560 -576}, 
keywords={PDAF;agile motion;ambiguous data;clutter resistance;complex visual object tracking;hinge constraints;homogeneous regions;image features;joint PDAF;missing data;mistracking susceptibility;multiple descriptive attributes;noise-like visual occurrences;object overlaps;occlusion;probabilistic data association filter;probabilistic data association methods;randomized tracking algorithm;rigid constraints;snakes;textured regions;tracking strategy hierarchy;filtering theory;image processing;noise;probability;randomised algorithms;tracking;}, 
doi={10.1109/34.927458}, 
ISSN={0162-8828}}

@ARTICLE{khan_2005, 
author={Zia Khan and Balch, T. and Dellaert, F.}, 
journal={Pattern Analysis and Machine Intelligence, IEEE Transactions on}, title={MCMC-based particle filtering for tracking a variable number of interacting targets}, 
year={2005}, 
month={nov. }, 
volume={27}, 
number={11}, 
pages={1805 -1819}, 
keywords={Markov chain Monte Carlo sampling step;Markov random field motion;interacting targets;multitarget filter;particle filtering;Markov processes;Monte Carlo methods;filtering theory;sampling methods;target tracking;Algorithms;Animals;Artificial Intelligence;Computer Simulation;Humans;Image Enhancement;Image Interpretation, Computer-Assisted;Information Storage and Retrieval;Markov Chains;Models, Biological;Models, Statistical;Monte Carlo Method;Motion;Movement;Pattern Recognition, Automated;Subtraction Technique;Video Recording;}, 
doi={10.1109/TPAMI.2005.223}, 
ISSN={0162-8828}}

@INPROCEEDINGS{smith_2005, 
author={Smith, K. and Gatica-Perez, D. and Odobez, J.-M.}, 
booktitle={Computer Vision and Pattern Recognition, 2005. CVPR 2005. IEEE Computer Society Conference on}, title={Using particles to track varying numbers of interacting people}, 
year={2005}, 
month={june}, 
volume={1}, 
number={}, 
pages={ 962 - 969 vol. 1}, 
keywords={ Bayesian framework; Markov Chain Monte Carlo particle filter; automatic tracking; binary measurements; color measurement; fixed camera; global observation model; multiobject state-space formulation; recursive estimation; Bayes methods; Markov processes; Monte Carlo methods; filtering theory; object detection; state-space methods; target tracking;}, 
doi={10.1109/CVPR.2005.361}, 
ISSN={1063-6919 }}


@ARTICLE{mckenna_2000,
 author = "McKenna, S. J. and Jabri, S. and Duric, Z. and Rosenfeld, A. and Wechsler, H.",
 title = "Tracking Groups of People",
 journal = "CVIU(80), No",
 volume = "1",
 month = oct,
 pages = "42--56",
 year = 2000
}

@INPROCEEDINGS{yamamoto_1995, 
author={Yamamoto, S. and Mae, Y. and Shirai, Y. and Miura, J.}, 
booktitle={Robotics and Automation, 1995. Proceedings., 1995 IEEE International Conference on}, title={Realtime multiple object tracking based on optical flows}, 
year={1995}, 
month={may}, 
volume={3}, 
number={}, 
pages={2328 -2333 vol.3}, 
keywords={ generalized gradient model; image processor; image sequence; moving object detection; optical flow extraction; real-time multiple object tracking; conjugate gradient methods; image sequences; optical tracking; real-time systems;}, 
doi={10.1109/ROBOT.1995.525608}, 
ISSN={1050-4729},}