
@INCOLLECTION{1521260, 
author = {Ng, W. and Li, J. and Godsill, S. and Vermaak, J.}, 
booktitle={Image and Signal Processing and Analysis, 2005. ISPA 2005. Proceedings of the 4th International Symposium on}, title={A review of recent results in multiple target tracking}, 
year={2005}, 
month={sept.}, 
volume={}, 
number={}, 
pages={ 40 - 45}, 
keywords={ 2D data assignment method; measurement-to-target association; multiple target tracking; multitarget detection; nonGaussian models; particle filtering methods; recursive target state estimation; regions of interest; sampling filter; sequential Monte Carlo; surveillance region; Monte Carlo methods; image sampling; object detection; particle filtering (numerical methods); surveillance; target tracking;}, 
doi={10.1109/ISPA.2005.195381}, 
ISSN={1845-5921 }
}


@MISC{probmethods,
    author = {Simo Sarkka and Toni Tamminen and Aki Vehtari and Aki Vehtari and Jouko Lampinen},
    title = {Probabilistic Methods in Multiple Target Tracking, Review and Bibliography},
    year = {2004}
}


@INPROCEEDINGS{Gasthaus2008,
  author = {Gasthaus, J. and Wood, F. and G\"or\"ur, D. and Teh, Y. W.},
  title = {Dependent {D}irichlet Process Spike Sorting},
  booktitle = {Advances in Neural Informations Processing Systems 22},
  year = {2008}
}


@MISC{Gasthaus_thesis,
    author = {Jan Gasthaus},
    title = {Spike Sorting Using Time-Varying {D}irichlet Process Mixture Models},
    year = {2008}
}


@INPROCEEDINGS{Caron2007,
  author = {Caron, F. and Davy, M. and Doucet, A.},
  title = {Generalized Polya Urn for Time-varying {D}irichlet Process Mixtures},
  booktitle = {23rd Conference on Uncertainty in Artificial Intelligence (UAI'2007),
	Vancouver, Canada, July 2007},
  year = {2007}
}

@ARTICLE{griffinsteel,
  author = {Griffin, J. E. and Steel, M. F. J.},
  title = {Order-based dependent {D}irichlet processes},
  journal = {Journal of the American Statistical Association},
  year = {2006},
  volume = {101(473)},
  pages = {179-194}
}